@article{Benet,
  author    = {Juan Benet},
  title     = {{IPFS} - Content Addressed, Versioned, {P2P} File System},
  journal   = {CoRR},
  volume    = {abs/1407.3561},
  year      = {2014},
  url       = {http://arxiv.org/abs/1407.3561},
  timestamp = {Wed, 07 Jun 2017 14:40:21 +0200},
  biburl    = {http://dblp.uni-trier.de/rec/bib/journals/corr/Benet14},
  bibsource = {dblp computer science bibliography, http://dblp.org}
}

@inproceedings{castro1999practical,
  title={Practical Byzantine fault tolerance},
  author={Castro, Miguel and Liskov, Barbara and others},
  booktitle={OSDI},
  volume={99},
  pages={173--186},
  year={1999}
}

@article{gipp2015decentralized,
  title = {Decentralized trusted timestamping using the crypto currency bitcoin},
  author = {Gipp, Bela and Meuschke, Norman and Gernandt, Andr\'e},
  journal = {arXiv preprint arXiv:1502.04015},
  year = {2015},
  url = {https://arxiv.org/abs/1502.04015},
}

@ONLINE{Kirk,
    author  = {Jeremy Kirk},
    title   = {Could the Bitcoin network be used as an ultrasecure notary service?},
    year    = {2013},
    url = {https://www.computerworld.com/article/2498077/desktop-apps/could-the-bitcoin-network-be-used-as-an-ultrasecure-notary-service-.html},
}

@ONLINE{Plasma,
    author  = {Joseph Poon},
    author = {Vitalik Buterin},
    title   = {Plasma: Scalable Autonomous Smart Contracts},
    year    = {2017},
    url = {http://plasma.io/plasma.pdf},
}

@ONLINE{HFR,
    author  = {HFR},
    title   = {HEDGE FUND INDUSTRY CAPITAL SURPASSES HISTORIC \$ 3 TRILLION DOLLAR MILESTONE},
    year    = {2017},
    url = {https://www.hedgefundresearch.com/news/hedge-fund-industry-capital-surpasses-historic-3-trillion-dollar-milestone},
}



@ONLINE{Truebit,
    author  = {Jason Teutsch},
    author = {Christian Reitwiessner},
    title   = {A scalable verification solution for blockchains},
    year    = {2017},
    url = {https://people.cs.uchicago.edu/~teutsch/papers/truebit.pdf},
}

@ONLINE{FpML,
    author  = {FpML},
    title   = {Financial Products Markup Language},
    year    = {2015},
    url = {http://www.fpml.org/},
}

@ONLINE{FIXML,
    author  = {CME-Group},
    title   = {CME ClearPort API - FIXML Message Specification},
    year    = {2017},
    url = {https://www.cmegroup.com/confluence/display/EPICSANDBOX/CME+ClearPort+API+-+FIXML+Message+Specification},
}

@ONLINE{Civic,
    author  = {Civic},
    title   = {Civic Secure Identity Platform},
    year    = {2013},
    url = {https://www.civic.com/},
}

@ONLINE{BlockChainID,
    author  = {BlockChainID},
    title   = {BlockChainID},
    year    = {2013},
    url = {https://onename.com/},
}

@inproceedings{zyskind2015decentralizing,
  title={Decentralizing privacy: Using blockchain to protect personal data},
  author={Zyskind, Guy and Nathan, Oz and others},
  booktitle={Security and Privacy Workshops (SPW), 2015 IEEE},
  pages={180--184},
  year={2015},
  organization={IEEE}
}


@ONLINE{Corda,
    author  = {Mike Hearn},
    title   = {Corda: A distributed ledger},
    year    = {2016},
    url = {https://docs.corda.net/_static/corda-technical-whitepaper.pdf},
}


@ONLINE{Tezos,
    author  = {L.M Goodman},
    title   = {Tezos — a self-amending crypto-ledger
White paper},
    year    = {2014},
    url = {https://www.tezos.com/static/papers/white_paper.pdf},
}


@ONLINE{Stark,
    author  = {Josh Stark},
    title   = {Applications of Distributed Ledger Technology to Regulatory and Compliance Processes},
    year    = {2017},
    url = {http://0xstark.com/2017/08/21/paper-applications-of-distributed-ledger-technology-to-regulatory-and-compliance-processes/},
}

@ONLINE{Filecoin,
    author  = {Protocol-Labs},
    title   = {Filecoin: A Decentralized Storage Network},
    year    = {2017},
    url = {http://filecoin.io/filecoin.pdf},
}



@ONLINE{Bolt et al,
    author  = {Bolt, Wilko},
    author  = {van Oordt, Maarten R.C},
    title   = {On the Value of Virtual Currencies (April 20, 2016). Bank of Canada Working Paper No. 2016-42},
    year    = {2016},
    url = {https://ssrn.com/abstract=2767609},
}


@ONLINE{Sehra et al,
    author  = {Ferdinando M. Ametrano},
    title   = {Bitcoin, Blockchain, and Distributed Ledgers: Between Hype and Reality},
    year    = {2017},
    url = { https://goo.gl/Z9OeHt},
}

@ONLINE{Sehra et al,
    author  = {Dr. Avtar Sehra},
    author  = {Philip Smith},
    author  = {Phil Gomes},
    title   = {Economics of Initial Coin Offerings},
    year    = {2017},
    url = {http://www.allenovery.com/SiteCollectionDocuments/ICO-Article-Nivaura-20170822-0951%20%20-%20Final%20Draft.pdf},
}


@ONLINE{Jessop,
    author  = {Noah Jessop},
    title   = {Tokens at the Gate: What’s Coming After the ICOs.},
    year    = {2017},
    url = {https://hackernoon.com/tokens-at-the-gate-what-happens-after-the-icos-5cd013f37782},
}

@ONLINE{IDC,
    author  = {IDC Financial Insights},
    title   = {Financial Services IT Spending to Reach \$ 480 Billion Worldwide in 2016},
    year    = {2017},
    url = {https://www.idc.com/getdoc.jsp?containerId=prUS41216616},
}

@ONLINE{JPM,
    author  = {JPM},
    title   = {JPM Hyperledger Quorum: A permissioned implementation of Ethereum},
    year    = {2017},
    url = {https://drive.google.com/file/d/0B42vMkapQi1MSEVaa2tuVEtXZXM/view},

}

@ONLINE{ERC20,
    author  = "Ethereum Foundation",
    title   = "ERC20 Token Standard",
    year    = "2017",
    journal = {https://theethereum.wiki/w/index.php/ERC20_Token_Standard},
    volume  = "",
    number  = "",
    pages   = ""
}

@inproceedings{kosba2016hawk,
  title={Hawk: The blockchain model of cryptography and privacy-preserving smart contracts},
  author={Kosba, Ahmed and Miller, Andrew and Shi, Elaine and Wen, Zikai and Papamanthou, Charalampos},
  booktitle={Security and Privacy (SP), 2016 IEEE Symposium on},
  pages={839--858},
  year={2016},
  organization={IEEE}
}

@ONLINE{Valkenburgh,
    author  = { Peter Van Valkenburgh},
    title   = {What does “permissionless” mean?},
    year    = {2017},
    url = {https://coincenter.org/entry/what-does-permissionless-mean},
}

@ONLINE{proof-existence,
    author  = { Manuel Araoz},
    author = { Esteban Ordano},
    title   = {Proof of Existence},
    year    = {2013},
    url = {https://proofofexistence.com/},
}

@ONLINE{Cachin,
    author  = {Christian Cachin},
    title   = {Architecture of the Hyperledger Blockchain Fabric},
    year    = {2016},
    url = {https://www.zurich.ibm.com/dccl/papers/cachin_dccl.pdf},
}


@ONLINE{ETH,
    author  = {Vitalik Buterin},
    title   = {Ethereum},
    year    = {2014},
    url = {https://ethereum.org/},
}

@inproceedings{merkle,
  title={Protocols for public key cryptosystems},
  author={Merkle, R.C},
  booktitle={Proc. 1980 Symposium on Security and Privacy, IEEE Computer Society},
  pages={122--133},
  year={1980},
  organization={IEEE Computer Society}
}


@inproceedings{bitcoin,
  title={Bitcoin: A Peer-to-Peer Electronic Cash System},
  author={S. Nakamoto},
  year={2008}
}

@ONLINE{Green14,
    author  = {Matthew Green},
    title   = { Zero Knowledge Proofs: An illustrated primer.},
    year    = {2014},
    url = {https://blog.cryptographyengineering.com/2014/11/27/zero-knowledge-proofs-illustrated-primer/}
}

@ONLINE{Green17,
    author  = {Matthew Green},
    title   = { Zero Knowledge Proofs: An illustrated primer part 2. },
    year    = {2017},
    url = {https://blog.cryptographyengineering.com/2017/01/21/zero-knowledge-proofs-an-illustrated-primer-part-2/}
}

@inproceedings{Gentry,
  title={Using Fully Homomorphic Hybrid Encryption to Minimize Non-interative Zero-Knowledge Proofs},
  author={Craig Gentry. Jens Groth. Yuval Ishai. Chris Peikert. Amit Sahai. Adam Smith.},
  year={2015}
url={https://web.eecs.umich.edu/~cpeikert/pubs/FHENIZK.pdf}
}

@ONLINE{EGas,
    title   = { ETH Gas Station | Consumer oriented metrics for the Ethereum gas market },
    year    = {2017},
    url = {http://ethgasstation.info/index.php}
}
